<?xml version="1.0" encoding="UTF-8"?><collection xmlns="http://www.loc.gov/MARC21/slim"><record><leader>00473nam--2200157-i-4500</leader><controlfield tag="001">000004731</controlfield><controlfield tag="002">20161230</controlfield><controlfield tag="005">20170111000923</controlfield><controlfield tag="008">060222s1000------------r-----000-0-eng-d</controlfield><datafield ind1=" " ind2=" " tag="100"><subfield code="a">Abreu Faro, Manuel Jose De</subfield></datafield><datafield ind1=" " ind2=" " tag="245"><subfield code="a">Gerador de impulsos ultracurtos da ordem de 10 la minus 9 seg</subfield></datafield><datafield ind1=" " ind2=" " tag="260"><subfield code="a">Lisboa</subfield><subfield code="b">Instituto Supeior Tecnico</subfield><subfield code="c">1959</subfield></datafield><datafield ind1=" " ind2=" " tag="300"><subfield code="a">10 p., 8 Fig</subfield></datafield><datafield ind1=" " ind2=" " tag="490"><subfield code="a">Separata De Revista Tecnica , Maio De 1959</subfield></datafield><datafield ind1=" " ind2=" " tag="852"><subfield code="a">6131</subfield></datafield><datafield ind1=" " ind2=" " tag="CAT"><subfield code="a">SYS</subfield><subfield code="c">20170111</subfield><subfield code="h">000923</subfield></datafield></record></collection>